<record><leader>00000cas a22000007a 4500</leader><controlfield tag="001">12532498</controlfield><controlfield tag="008">850910d19381939wiuwr ne      0    0eng d</controlfield><datafield ind1=" " ind2=" " tag="010"><subfield code="a">sn 85041000 </subfield></datafield><datafield ind1=" " ind2=" " tag="040"><subfield code="a">NPV</subfield><subfield code="b">eng</subfield><subfield code="c">NPV</subfield><subfield code="d">OCLCQ</subfield></datafield><datafield ind1=" " ind2=" " tag="042"><subfield code="a">msc</subfield></datafield><datafield ind1="0" ind2=" " tag="130"><subfield code="a">Fox Valley free press (Oshkosh, Wis. : 1938)</subfield></datafield><datafield ind1="1" ind2="0" tag="245"><subfield code="a">Fox Valley free press.</subfield></datafield><datafield ind1="1" ind2="7" tag="246"><subfield code="a">Free press</subfield></datafield><datafield ind1="1" ind2="3" tag="246"><subfield code="a">Oshkosh free press</subfield></datafield><datafield ind1=" " ind2=" " tag="260"><subfield code="a">Oshkosh, Wis. :</subfield><subfield code="b">Fox Valley Free Press</subfield></datafield><datafield ind1=" " ind2=" " tag="300"><subfield code="a">v. :</subfield><subfield code="b">ill.</subfield></datafield><datafield ind1=" " ind2=" " tag="310"><subfield code="a">Weekly</subfield></datafield><datafield ind1="1" ind2=" " tag="362"><subfield code="a">Began in 1938?; ceased in 1939.</subfield></datafield><datafield ind1=" " ind2=" " tag="500"><subfield code="a">Title varies: Oshkosh free press, &lt;July 26, 1938&gt;.</subfield></datafield><datafield ind1=" " ind2=" " tag="588"><subfield code="a">Description based on: Vol. 6, no. 26 (Jan. 28, 1938).</subfield></datafield><datafield ind1=" " ind2=" " tag="752"><subfield code="a">United States</subfield><subfield code="b">Wisconsin</subfield><subfield code="c">Winnebago</subfield><subfield code="d">Oshkosh.</subfield></datafield><datafield ind1="0" ind2="0" tag="780"><subfield code="t">Oshkosh free press (Oshkosh, Wis. : 1937)</subfield><subfield code="w">(DLC)sn 85040999</subfield></datafield><datafield ind1="0" ind2="0" tag="785"><subfield code="t">Oshkosh free press (Oshkosh, Wis. : 1939)</subfield><subfield code="w">(DLC)sn 85041001</subfield></datafield></record>